<?xml version="1.0" encoding="UTF-8"?><collection xmlns="http://www.loc.gov/MARC21/slim"><record><leader>00532nam--2200181-i-4500</leader><controlfield tag="001">000006425</controlfield><controlfield tag="002">20161230</controlfield><controlfield tag="005">20170121211300</controlfield><controlfield tag="008">060222s1000------------r-----000-0-eng-d</controlfield><datafield ind1=" " ind2=" " tag="080"><subfield code="a">621.039.54</subfield></datafield><datafield ind1=" " ind2=" " tag="100"><subfield code="a">Ban, Z</subfield></datafield><datafield ind1=" " ind2=" " tag="245"><subfield code="a">The cruciable-free synthesis of silicides and borides</subfield></datafield><datafield ind1=" " ind2=" " tag="260"><subfield code="a">Zagreb</subfield><subfield code="b">Inst. Ruder Boskovic</subfield><subfield code="c">1963</subfield></datafield><datafield ind1=" " ind2=" " tag="300"><subfield code="a">10 p</subfield></datafield><datafield ind1=" " ind2=" " tag="490"><subfield code="a">Int.Symposium On New Nuclear Materials Techno Logy Including Non-metallic Fuel Elements</subfield></datafield><datafield ind1=" " ind2=" " tag="700"><subfield code="a">Sikirica, M</subfield></datafield><datafield ind1=" " ind2=" " tag="852"><subfield code="a">8922</subfield></datafield><datafield ind1=" " ind2=" " tag="CAT"><subfield code="a">SYS</subfield><subfield code="c">20170121</subfield><subfield code="h">211300</subfield></datafield></record></collection>